@article{molokk08,
journal="Journal of Systems and Software",
volume=81, 
issue=12,
month="December",
year= 2008, 
pages="2106â€“2117",
title="Using planning poker for combining expert estimates in software projects",
author="Kjetil Molokken-Pstvold and Nils Christian Haugen and Hans Christian Benestad",
}

@inproceedings{yang08aa,
  author    = {Qi Li and
               Qing Wang and
               Ye Yang and
               Mingshu Li},
  title     = {Reducing biases in individual software effort estimations: a combining
               approach},
  booktitle = {Proceedings of the Second International Symposium on Empirical Software
               Engineering and Measurement, {ESEM} 2008, October 9-10, 2008, Kaiserslautern,
               Germany},
  year      = {2008},
  pages     = {223--232}
}

@inproceedings{park88,
  author="R. Park", 
  title="The central equations of the price software cost model",
  booktitle="4th COCOMO Users Group Meeting",
  month="November",
  year=1988
}

@inproceedings{frei79,
   author="F. Freiman and R. Park",
   title="PRICE Software Model - Version 3: An Overview",
   booktitle="Proceedings, IEEE-PINY Workshop on Quantitative Software Models, IEEE Catalog Number TH 0067-9",
   month="October",
   year= 1979, 
   pages="32-41"
}

@article{koc13a,
  title =	 "Software Effort Models Should be Assessed Via
                  Leave-One-Out Validation",
  author =	 "E. Kocaguneli and T. Menzies",
  journal =	 "Journal of Systems and Software",
  year =	 "2013, to appear",
  notes =	 "Available on-line at
                  \url{http://menzies.us/php/13loo.pdf}"
}

@article{watson77,
  author="C. Walston and C. Felix", 
  title="A Method of Programming Measurement and Estimation",
  journal="IBM Systems Journal",
  volume= 16, 
  number=1, 
  year=1977, 
  pages="54-77"
}


@techreport{herd77,
  author="J. Herd and  J. Postak and W. Russell and J. Stewart",
  title="Software Cost Estimation Study-Study Results, Final Technical Report, RADC-TR-77-220",
  institution="Doty Associates",
  month="June",
  year= 1977
}

@techreport{black77,
  author="R. Black and R.  Curnow and R. Katz and M. Bray",
  title="BCS Software Production Data, Final Technical Report RADC-TR-77-116",
  institution="Boeing Computer Services, Inc.",
  month="March",
  year=1977
}

@inproceedings{putnam76,
  author="L. Putnam",
  title= "A Macro-Estimating Methodology for Software Development",
  booktitle="Proceedings, IEEE COMPCON76 Fall",
  month="September",
  year= 1976, 
  pages="38-43"
}
@article{wol74,
  author="R. Wolverton",
  title= "The Cost of Developing Large-Scale Software",
  journal="IEEE Trans. Computers",
  month="June",
  year= 1974, 
  pages="615-636"
}

@inproceedings{wagner07,
 author = {Wagner, Stefan},
 title = {Global Sensitivity Analysis of Predictor Models in Software Engineering},
 booktitle = {Proceedings of the Third International Workshop on Predictor Models in Software Engineering},
 series = {PROMISE '07},
 year = {2007},
} 


@article{Vargha00,
  author =	 {Vargha, A. and Delaney, H.},
  title =	 {A Critique and Improvement of the CL Common Language
                  Effect Size Statistics of McGraw and Wong},
  volume =	 25,
  number =	 2,
  pages =	 {101-132},
  year =	 2000,
  journal =	 {Journal of Educational and Behavioral Statistics}
}

@inproceedings{thayer74,
 author = {Thayer, Richard H. and Slaughter, John B. and Boehm, Barry W. and Clapp, Judith A. and Manley, John H. and Burrows, James H.},
 title = {The High Cost of Software: Causes and Corrections},
 booktitle = {Proceedings of the May 6-10, 1974, National Computer Conference and Exposition},
 series = {AFIPS '74},
 year = {1974},
 location = {Chicago, Illinois},
 pages = {1009--1009},
 numpages = {1},
 url = {http://doi.acm.org/10.1145/1500175.1500373},
 doi = {10.1145/1500175.1500373},
 acmid = {1500373},
 publisher = {ACM},
 address = {New York, NY, USA},
} 


@inproceedings{minku14,
   author              = {Leandro L. Minku and 
                          Xin Yao},
   title               = {How to make best use of cross-company data in software effort estimation?},
   booktitle           = {ICSE'14},
   year                = {2014},
   pages               = {446-456},
   ee                  = {http://doi.acm.org/10.1145/2568225.2568228}
}


@inproceedings{rosa14,
  author="Wilson Rosa and Barry Boehm and Brad Clark and Ray Madachy",
  title="Simple Empirical Cost Estimation Model",
  year=2014,
  booktitle="ESEM'14"
}


@misc{woller96,
  year =	 1996,
  title =	 "The Basics of Monte Carlo Simulations",
  author =	 "J. Woller",
  note =	 "University of Nebraska-Lincoln Physical Chemistry
                  Lab. Available at
                  \url{http://wwitch.unl.edu/zeng/joy/mclab/mcintro.html}"
}

@article{boehm76,
 author = {Boehm, B. W.},
 title = {Software Engineering},
 journal = {IEEE Trans. Comput.},
 issue_date = {December 1976},
 volume = {25},
 number = {12},
 month = dec,
 year = {1976},
 issn = {0018-9340},
 pages = {1226--1241},
 numpages = {16},
 url = {http://dx.doi.org/10.1109/TC.1976.1674590},
 doi = {10.1109/TC.1976.1674590},
 acmid = {1312684},
 publisher = {IEEE Computer Society},
 address = {Washington, DC, USA},
 keywords = {Computer software, data systems, information systems, research and development, software development, software engineering, software management.},
} 

@ARTICLE{Kirsopp2003,
  author = {Kirsopp, C. and Shepperd, M. and
                  Premraj, R.},
  title = {Case and feature subset selection in
                  case-based software project effort
                  prediction},
  journal = {Proc. 22nd SGAI Int'l
                  Conf. Knowledge-Based Systems and
                  Applied Artificial Intelligence},
  year = 2003,
  pages = 61,
  mendeley-groups ={Automatically Imported},  
  owner = {ekrem},
  publisher = {Springer-Verlag New York Inc},
  timestamp = {2009.11.26}
}

@book{schank77a,
  address = {Hillsdale, NJ.},
  author = {Schank, R. and Abelson, R.},
  publisher = {Lawrence Erlbaum Associates},
  title = {Scripts, plans, goals and understanding:  An inquiry into human knowledge structures},
  year = 1977
}

@ARTICLE{Kirsopp2002,
  author =	 {Kirsopp, C. and Shepperd, M.},
  title =	 {{Making inferences with small numbers of training
                  sets}},
  journal =	 {IEEE Proc.},
  year =	 2002,
  volume =	 149,
  doi =		 {10.1049/ip-sen},
  issue =	 5,
}

@ARTICLE{Auer2006,
  author = {Auer, Martin and Trendowicz, Adam and Graser, Bernhard and Haunschmid,
	Ernst and Biffl, Stefan},
  title = {Optimal Project Feature Weights in Analogy-Based Cost Estimation:
	Improvement and Limitations},
  journal = {IEEE Trans. Softw. Eng.},
  year = {2006},
  volume = {32},
  pages = {83--92},
  issue = {2},
  mendeley-groups = {Automatically Imported,Cost}
}

@inproceedings{Shaw01,
 author = {Shaw, Mary},
 title = {The Coming-of-age of Software Architecture Research},
 booktitle = {Proceedings of the 23rd International Conference on Software Engineering},
 series = {ICSE '01},
 year = {2001},
 isbn = {0-7695-1050-7},
 location = {Toronto, Ontario, Canada},
 notes="Slides: http://goo.gl/tfi3D6.",
 pages = {656--},
 url = {http://dl.acm.org/citation.cfm?id=381473.381549},
 acmid = {381549},
 publisher = {IEEE Computer Society},
 address = {Washington, DC, USA},
} 

@ARTICLE{xxkoc11b,
  author =	 "E. Kocaguneli and T. Menzies and A. Bener and
                  J. Keung",
  journal =	 "IEEE Transactions on Software Engineering",
  title =	 "Exploiting the Essential Assumptions of
                  Analogy-Based Effort Estimation",
  year =	 2012,
  volume =	 28,
  issue =	 2,
  pages =	 "425-438",
  note =	 "Available from
                  \url{http://menzies.us/pdf/11teak.pdf}",
  class =	 "hJ"
}

@article{xxxkoc11a,
  title =	 "On the Value of Ensemble Effort Estimation",
  author =	 "E. Kocaguneli and Tim Menzies and J. Keung",
  year =	 2012,
  journal =	 "IEEE Transactions on Software Engineering",
  note =	 "Available from
                  \url{http://menzies.us/pdf/11comba.pdf}"
}

@article{myrtveit05,
  author =	 "Ingunn Myrtveit and Erik Stensrud and Martin
                  Shepperd",
  title =	 "Reliability and Validity in Comparative Studies of
                  Software Prediction Models",
  journal =	 "IEEE Transactions on Software Engineerining",
  year =	 2005,
  volume =	 31,
  number =	 5,
  month =	 "May",
  pages =	 "380-391"
}

@inproceedings{ingold13,
  author = "Dan Ingold and  Barry Boehm and Supannika Koolmanojwong",
  title = "A Model for Estimating Agile Project
Process and Schedule Acceleration",
  booktitle = {ICSSP 2013},
  pages = "29-35",
  year = 2013
}
